@article{cavnar1994n,
  title={N-gram-based text categorization},
  author={Cavnar, William B and Trenkle, John M and others},
  journal={Ann arbor mi},
  volume={48113},
  number={2},
  pages={161--175},
  year={1994},
  publisher={Citeseer}
}

@article{navarro2001guided,
  title={A guided tour to approximate string matching},
  author={Navarro, Gonzalo},
  journal={ACM computing surveys (CSUR)},
  volume={33},
  number={1},
  pages={31--88},
  year={2001},
  publisher={ACM}
}

@inproceedings{haasdonk2004learning,
  title={Learning with distance substitution kernels},
  author={Haasdonk, Bernard and Bahlmann, Claus},
  booktitle={Joint Pattern Recognition Symposium},
  pages={220--227},
  year={2004},
  organization={Springer}
}

@article{scikit-learn,
 title={Scikit-learn: Machine Learning in {P}ython},
 author={Pedregosa, F. and Varoquaux, G. and Gramfort, A. and Michel, V. and Thirion, B. and Grisel, O. and Blondel, M. and Prettenhofer, P. and Weiss, R. and Dubourg, V. and Vanderplas, J. and Passos, A. and Cournapeau, D. and Brucher, M. and Perrot, M. and Duchesnay, E.},
 journal={Journal of Machine Learning Research},
 volume={12},
 pages={2825--2830},
 year={2011}
}

@article{cortes1995support,
  title={Support-vector networks},
  author={Cortes, Corinna and Vapnik, Vladimir},
  journal={Machine learning},
  volume={20},
  number={3},
  pages={273--297},
  year={1995},
  publisher={Springer}
}

@article{stringKernels2002TextClassif,
  title={Text classification using string kernels},
  author={Lodhi, Huma and Saunders, Craig and Shawe-Taylor, John and Cristianini, Nello and Watkins, Chris},
  journal={Journal of Machine Learning Research},
  volume={2},
  number={Feb},
  pages={419--444},
  year={2002}
}

@article{pang2008opinion,
  title={Opinion mining and sentiment analysis},
  author={Pang, Bo and Lee, Lillian},
  journal={Foundations and trends in information retrieval},
  volume={2},
  number={1-2},
  pages={1--135},
  year={2008},
  publisher={Now Publishers Inc.}
}

@inproceedings{mikolov2013distributed,
 title={Distributed representations of words and phrases and their compositionality},
 author={Mikolov, Tomas and Sutskever, Ilya and Chen, Kai and Corrado, Greg S. and Dean, Jeff},
 booktitle={Proceedings of the Neural Information Processing Systems Conference (NIPS 2013)},
 pages={3111--3119},
 year={2013},
 address={Lake Tahoe, USA}
}

@inproceedings{leslie2002spectrum,
  title={The spectrum kernel: A string kernel for SVM protein classification.},
  author={Leslie, Christina S. and Eskin, Eleazar and Noble, William Stafford},
  booktitle={Proceedings of the Pacific Symposium on Biocomputing},
  volume={7},
  number={7},
  pages={566--575},
  year={2002}
}

@article{CC01a,
 author = {Chang, Chih-Chung and Lin, Chih-Jen},
 title = {{LIBSVM}: A library for support vector machines},
 journal = {ACM Transactions on Intelligent Systems and Technology},
 volume = {2},
 issue = {3},
 year = {2011},
 pages = {27:1--27:27}
}

@inproceedings{baldwin2013noisy,
  title={How noisy social media text, how different social media sources?},
  author={Baldwin, Timothy and Cook, Paul and Lui, Marco and MacKinlay, Andrew and Wang, Li},
  booktitle={Proceedings of the 6th International Joint Conference on Natural Language Processing (IJCNLP)},
  pages={356--364},
  year={2013},
  address={Nagoya, Japan}
}

@article{lodhi2002text,
  title={Text classification using string kernels},
  author={Lodhi, Huma and Saunders, Craig and Shawe-Taylor, John and Cristianini, Nello and Watkins, Chris},
  journal={Journal of Machine Learning Research},
  volume={2},
  number={Feb},
  pages={419--444},
  year={2002}
}

@article{nakov2016semeval,
  title={SemEval-2016 {T}ask 4: Sentiment analysis in {T}witter},
  author={Nakov, Preslav and Ritter, Alan and Rosenthal, Sara and Sebastiani, Fabrizio and Stoyanov, Veselin},
  journal={Proceedings of SemEval},
  pages={1--18},
  year={2016},
}

@article{chang2011libsvm,
 author = {Chang, Chih-Chung and Lin, Chih-Jen},
 title = {{LIBSVM}: A library for support vector machines},
 journal = {ACM Transactions on Intelligent Systems and Technology},
 volume = {2},
 issue = {3},
 year = {2011},
 pages = {27:1--27:27}
}

@article{fan2008liblinear,
  title={{LIBLINEAR}: A library for large linear classification},
  author={Fan, Rong-En and Chang, Kai-Wei and Hsieh, Cho-Jui and Wang, Xiang-Rui and Lin, Chih-Jen},
  journal={Journal of machine learning research},
  volume={9},
  pages={1871--1874},
  year={2008}
}
